Account Name       :                	Mr. NIKHIL DHARMRAJ KAREWAR					
Address            :	"BELORA BK, POST-BELORA"					
                                    	"TQ-PUSAD, DIST-YAVATMAL"					
                                    	BELORA-445215					
                                    	Yavatmal					
Date               :                	22-May-19					
Account Number     :	_00000032612450528					
Account Description:	SBNCHQ-GEN-PUB-IND-RURAL-INR					
Branch             :	ANSING					
Drawing Power      :	0					
Interest Rate(% p.a.):	3.5					
MOD Balance      :	0					
CIF No.          :	_86489982127					
IFS Code         :	SBIN0013721					
MICR Code        :	_444002382					
Nomination Registered    :	Yes 					
Balance on 1 Aug 2018        :	"8,940.32"					
Start Date          :	01-Aug-18					
End Date            :	31-Aug-18					
Txn Date	Value Date	Description	Ref No./Cheque No.	        Debit	Credit	Balance
03-Aug-18	03-Aug-18	   by debit card-OTHPOS821514006298BELDARE PATIL PETROLEUPUNE--		839	 	"8,101.32"
05-Aug-18	05-Aug-18	   TO TRANSFER-UPI/DR/821712671185/SARFRAJ /HDFC/srfrjshkh@--	TRANSFER TO 4897688162090	"1,000.00"	 	"7,101.32"
06-Aug-18	06-Aug-18	   TO TRANSFER-UPI/DR/821821869907/Mr SAGAR/CBIN/sagaracham--	TRANSFER TO 4898798162096	"5,000.00"	 	"2,101.32"
07-Aug-18	07-Aug-18	   BY TRANSFER-UPI/CR/821921892334/SARFRAJ /HDFC/srfrjshkh@--	TRANSFER FROM 4897706162092	 	120	"2,221.32"
18-Aug-18	18-Aug-18	   by debit card---		347	 	"1,874.32"
18-Aug-18	18-Aug-18	   BY TRANSFER-UPI/CR/823013533371/AMIT RAT/SBIN/amitmukkir--	TRANSFER FROM 4898989162090	 	"5,000.00"	"6,874.32"
18-Aug-18	18-Aug-18	   BY TRANSFER-INB IMPS823022522067/9561145108/XX5108/comments--	MAB000153559333          MAB000153559333          	 	500	"7,374.32"
18-Aug-18	18-Aug-18	   TO TRANSFER-UPI/DR/823022185195/Mr SAGAR/CBIN/sagaracham--	TRANSFER TO 4898900162092	500	 	"6,874.32"
24-Aug-18	24-Aug-18	   by debit card-OTHPG 823517538980MOBIKWIK              NEW DELHI--		134	 	"6,740.32"
24-Aug-18	24-Aug-18	   TO TRANSFER-UPI/DR/823522185621/MOBIKWIK/HDFC/mobikwikad--	TRANSFER TO 4898743162090	900	 	"5,840.32"
24-Aug-18	24-Aug-18	   CASH DEPOSIT-CASH DEPOSIT SELF--		 	"18,000.00"	"23,840.32"
24-Aug-18	24-Aug-18	CHEQUE DEPOSIT---455305	TRANSFER TO 31647502891 / 455305	 	"20,000.00"	"43,840.32"
25-Aug-18	25-Aug-18	   TO TRANSFER-UPI/DR/823709304435/redBus/UTIB/redbus@axi/H--	TRANSFER TO 4898751162090	650	 	"43,190.32"
27-Aug-18	27-Aug-18	   CASH DEPOSIT-CASH DEPOSIT SELF--		 	"18,000.00"	"61,190.32"
27-Aug-18	27-Aug-18	CHEQUE DEPOSIT- TRF--152492	TRANSFER TO 20394886099 / 152492	 	"19,500.00"	"80,690.32"
27-Aug-18	27-Aug-18	CHEQUE DEPOSIT---395910	TRANSFER TO 33063457540 / 395910	 	"19,000.00"	"99,690.32"
28-Aug-18	28-Aug-18	   by debit card-OTHPOS824003410883MAGAR PETROLEUM       PUNE--		512.22	 	"99,178.10"
28-Aug-18	28-Aug-18	   ATM WDL-ATM CASH 82402 BORATA VASTI-CD ATM    PUNE--		"1,000.00"	 	"98,178.10"
29-Aug-18	29-Aug-18	BY CLEARING / CHEQUE-CAB   0000000000000000000000000000ByClearing368225--368225	368225	 	"18,000.00"	"1,16,178.10"
29-Aug-18	29-Aug-18	BY CLEARING / CHEQUE-SUB   0000000000000000000000000000ByClearing007312--7312	7312	 	"20,000.00"	"1,36,178.10"
30-Aug-18	30-Aug-18	BY CLEARING / CHEQUE-SUB   0000000000000000000000000000ByClearing018863--18863	18863	 	"20,000.00"	"1,56,178.10"
30-Aug-18	30-Aug-18	   by debit card-OTHPOS824215143978PARADISE FAMILY RESTAUPUNE--		157	 	"1,56,021.10"
						
**This is a computer generated statement and does not require a signature						
